@article{tarascon2001issues,
  title={Issues and challenges facing rechargeable lithium batteries},
  author={Tarascon, J-M and Armand, Michel},
  journal={Nature},
  volume={414},
  number={6861},
  pages={359--367},
  year={2001},
  publisher={Nature Publishing Group}
}

@article{aurbach2002short,
  title={A short review of failure mechanisms of lithium metal and lithiated graphite anodes in liquid electrolyte solutions},
  author={Aurbach, Doron and Zinigrad, Ella and Cohen, Yaron and Teller, Hanan},
  journal={Solid state ionics},
  volume={148},
  number={3},
  pages={405--416},
  year={2002},
  publisher={Elsevier}
}

@article{blomgren2003liquid,
  title={Liquid electrolytes for lithium and lithium-ion batteries},
  author={Blomgren, George E},
  journal={Journal of Power Sources},
  volume={119},
  pages={326--329},
  year={2003},
  publisher={Elsevier}
}

@article{manthiram2012challenges,
  title={Challenges and prospects of lithium--sulfur batteries},
  author={Manthiram, Arumugam and Fu, Yongzhu and Su, Yu-Sheng},
  journal={Accounts of chemical research},
  volume={46},
  number={5},
  pages={1125--1134},
  year={2012},
  publisher={ACS Publications}
}

@article{zhang2013liquid,
  title={Liquid electrolyte lithium/sulfur battery: fundamental chemistry, problems, and solutions},
  author={Zhang, Sheng S},
  journal={Journal of Power Sources},
  volume={231},
  pages={153--162},
  year={2013},
  publisher={Elsevier}
}

@article{guo2015microporous,
  title={Microporous carbon nanosheets derived from corncobs for lithium--sulfur batteries},
  author={Guo, Jinxin and Zhang, Jun and Jiang, Fei and Zhao, Saihua and Su, Qingmei and Du, Gaohui},
  journal={Electrochimica Acta},
  volume={176},
  pages={853--860},
  year={2015},
  publisher={Elsevier}
}

@article{kucinskis2013graphene,
  title={Graphene in lithium ion battery cathode materials: A review},
  author={Kucinskis, Gints and Bajars, Gunars and Kleperis, Janis},
  journal={Journal of Power Sources},
  volume={240},
  pages={66--79},
  year={2013},
  publisher={Elsevier}
}

@incollection{graf2013kathodenmaterialien,
  title={Kathodenmaterialien f{\"u}r Lithium-Ionen-Batterien},
  author={Graf, Christian},
  booktitle={Handbuch Lithium-Ionen-Batterien},
  pages={31--44},
  year={2013},
  publisher={Springer}
}

@article{hong2010effect,
  title={Effect of heat treatment on electrochemical characteristics of spinel lithium titanium oxide},
  author={Hong, Sung-Chul and Hong, Heon-Pyo and Cho, Byung-Won and Na, Byung-Ki},
  journal={Korean journal of chemical engineering},
  volume={27},
  number={1},
  pages={91--95},
  year={2010},
  publisher={Springer}
}

@article{huang2007effects,
  title={Effects of dopant on the electrochemical performance of Li 4 Ti 5 O 12 as electrode material for lithium ion batteries},
  author={Huang, Shahua and Wen, Zhaoyin and Zhu, Xiujian and Lin, Zuxiang},
  journal={Journal of power sources},
  volume={165},
  number={1},
  pages={408--412},
  year={2007},
  publisher={Elsevier}
}

@article{wang2008developments,
  title={Developments in Nanostructured Cathode Materials for High-Performance Lithium-Ion Batteries},
  author={Wang, Ying and Cao, Guozhong},
  journal={Advanced Materials},
  volume={20},
  number={12},
  pages={2251--2269},
  year={2008},
  publisher={Wiley Online Library}
}

@article{bhaskar20143d,
  title={3d-Transition metal doped spinels as high-voltage cathode materials for rechargeable lithium-ion batteries},
  author={Bhaskar, Aiswarya and Mikhailova, Daria and Kiziltas-Yavuz, Nil{\"u}fer and Nikolowski, Kristian and Oswald, Steffen and Bramnik, Natalia N and Ehrenberg, Helmut},
  journal={Progress in Solid State Chemistry},
  volume={42},
  number={4},
  pages={128--148},
  year={2014},
  publisher={Elsevier}
}

@article{delasCasas201274,
title = "A review of application of carbon nanotubes for lithium ion battery anode material ",
journal = "Journal of Power Sources ",
volume = "208",
number = "",
pages = "74 - 85",
year = "2012",
note = "",
issn = "0378-7753",
doi = "http://dx.doi.org/10.1016/j.jpowsour.2012.02.013",
author = "Charles de las Casas and Wenzhi Li",
}

@article{Aurbach2000206,
title = "Review of selected electrode–solution interactions which determine the performance of Li and Li ion batteries ",
journal = "Journal of Power Sources ",
volume = "89",
number = "2",
pages = "206 - 218",
year = "2000",
note = "",
issn = "0378-7753",
doi = "http://dx.doi.org/10.1016/S0378-7753(00)00431-6",
author = "Doron Aurbach",
}

@conference{Fitzgerald1999,
title = {Solid-state NMR spectroscopy of inorganic materials : [developed from a symposium sponsored by the Division of Industrial and Engineering Chemistry at the 212th National Meeting of the American Chemical Society, Orlando, Florida, August 25-29, 1996]},
series = {ACS symposium series ; 717},
editor = {Fitzgerald, John J. [Hrsg.]},
institution = {American Chemical Society / Division of Industrial and Engineering Chemistry},
address = {Washington, DC},
publisher = {American Chemical Society},
year = {1999},
isbn = {0-8412-3602-X},
size = {X, 422 S. : graph. Darst.},
keywords = { ; Nuclear magnetic resonance spectroscopy / Inorganic compounds ; NMR-Spektroskopie / Anorganischer Festkörper / Kongress / Orlando <Fla., 1996>},
note = {Includes bibliographical references and index},
}

@book{Friebolin2011,
title = {Basic one- and two-dimensional NMR spectroscopy},
author = {Friebolin, Horst},
address = {Weinheim},
publisher = {Wiley-VCH},
year = {2011},
edition = {5., compl. rev. and enl. ed.},
isbn = {978-3-527-32782-9},
size = {XXIV, 418 S. : graph. Darst.},
keywords = {NMR-Spektroskopie / Lehrbuch ; NMR-Spektroskopie / Lehrbuch},
}

@book{Guenther2013,
title = {NMR spectroscopy : basic principles, concepts and applications in chemistry},
editor = {Günther, Harald},
address = {Weinheim},
publisher = {Wiley-VCH},
year = {2013},
edition = {3., completely rev. and updated ed.},
isbn = {978-3-527-33004-1; 978-3-527-33000-3},
size = {XVI, 718 S. : Ill., graph. Darst.},
keywords = {NMR-Spektroskopie ; Nuclear magnetic resonance spectroscopy / Spectrum analysis},
}

@misc{Gerthsen2015,
title = {Gerthsen Physik},
series = {Springer-LehrbuchSpringerLink : Bücher},
author = {Meschede, Dieter},
address = {Berlin, Heidelberg},
publisher = {Springer Spektrum},
year = {2015},
edition = {25. Aufl. 2015. Neuauflage 2015},
isbn = {978-366-24597-7-5},
size = {Online-Ressource (XVI, 1052 S. 1330 Abb., 1000 Abb. in Farbe, online resource)},
keywords = {Physik / Lehrbuch ; Mechanics / Thermodynamics / Engineering / Physics},
}

@book{Linden2011,
title = {Lindens handbook of batteries},
editor = {Reddy, Thomas B. [Hrsg.] and Linden, David [Begr.]},
address = {New York, NY [u.a.]},
publisher = {McGraw-Hill},
year = {2011},
edition = {4. ed.},
isbn = {978-0-07-162421-3; 0-07-162421-X},
size = {Getr. Zählung : Ill., graph. Darst.},
keywords = { ; Electric batteries ; Electric batteries ; Batterie},
note = {Previous ed.: published as Handbook of batteries. New York: McGraw-Hill, 2002},
}

@book{Hamann2005,
title = {Elektrochemie},
author = {Hamann, Carl H. and Vielstich, Wolf},
address = {Weinheim},
publisher = {Wiley-VCH},
year = {2005},
edition = {4., vollst. überarb. und aktualisierte Aufl.},
isbn = {3-527-31068-1; 978-3-527-31068-5},
size = {XVIII, 662 S. : Ill., graph. Darst.},
keywords = { ; Electrochemistry ; Elektrochemie / Lehrbuch},
note = {Früher mit der ISBN 352727894X. - Hier auch später erschienene, unveränderte Nachdrucke; Kt. : EUR 64.90},
}

@book{krischner1994,
title = {Röntgenstrukturanalyse und Rietveldmethode : eine Einführung; mit 24 Tabellen},
author = {Krischner, Harald and Koppelhuber-Bitschnau, Brigitte},
address = {Braunschweig},
publisher = {Vieweg},
year = {1994},
edition = {5., neubearb. Aufl.},
isbn = {3-528-48324-5},
size = {X, 194 S. : Ill., graph. Darst.}
}

@article{hagman1968crystal,
  title={The crystal structure of NaMe2IV (PO4) 3; MeIV= Ge, Ti, Zr},
  author={Hagman, Lars Ove and Kierkegaard, Peder},
  journal={Acta Chem. Scand},
  volume={22},
  number={6},
  year={1968}
}

@article{knauth2009inorganic,
  title={Inorganic solid Li ion conductors: An overview},
  author={Knauth, Philippe},
  journal={Solid State Ionics},
  volume={180},
  number={14},
  pages={911--916},
  year={2009},
  publisher={Elsevier}
}

@article{aono1991electrical,
  title={Electrical property and sinterability of LiTi 2 (PO 4) 3 mixed with lithium salt (Li 3 PO 4 or Li 3 BO 3)},
  author={Aono, Hiromichi and Sugimoto, Eisuke and Sadaoka, Yoshihiko and Imanaka, Nobuhito and Adachi, Gin-ya},
  journal={Solid State Ionics},
  volume={47},
  number={3},
  pages={257--264},
  year={1991},
  publisher={Elsevier}
}

@article{jay2015genetics,
  title={Genetics of superionic conductivity in lithium lanthanum titanates},
  author={Jay, EE and Rushton, MJD and Chroneos, A and Grimes, RW and Kilner, JA},
  journal={Physical Chemistry Chemical Physics},
  volume={17},
  number={1},
  pages={178--183},
  year={2015},
  publisher={Royal Society of Chemistry}
}

@book{ishihara2009perovskite,
  title={Perovskite oxide for solid oxide fuel cells},
  author={Ishihara, Tatsumi},
  year={2009},
  publisher={Springer Science \& Business Media}
}

@article{chen2015lithium,
  title={Lithium Ion Diffusion Mechanism in Lithium Lanthanum Titanate Solid-State Electrolytes from Atomistic Simulations},
  author={Chen, Chao-hsu and Du, Jincheng},
  journal={Journal of the American Ceramic Society},
  volume={98},
  number={2},
  pages={534--542},
  year={2015},
  publisher={Wiley Online Library}
}

@article{cao2014recent,
  title={Recent advances in inorganic solid electrolytes for lithium batteries},
  author={Cao, Can and Li, Zhuo-Bin and Wang, Xiao-Liang and Zhao, Xin-Bing and Han, Wei-Qiang},
  journal={Frontiers in Energy Research},
  volume={2},
  pages={25},
  year={2014},
  publisher={Frontiers}
}

@article{anantharamulu2011wide,
  title={A wide-ranging review on Nasicon type materials},
  author={Anantharamulu, N and Rao, K Koteswara and Rambabu, G and Kumar, B Vijaya and Radha, Velchuri and Vithal, M},
  journal={Journal of materials science},
  volume={46},
  number={9},
  pages={2821--2837},
  year={2011},
  publisher={Springer}
}

@article{arbi2015high,
  title={High lithium ion conducting solid electrolytes based on NASICON Li 1+ x Al x M 2- x (PO 4) 3 materials (M= Ti, Ge and 0≤ x≤ 0.5)},
  author={Arbi, K and Bucheli, W and Jim{\'e}nez, R and Sanz, J},
  journal={Journal of the European Ceramic Society},
  volume={35},
  number={5},
  pages={1477--1484},
  year={2015},
  publisher={Elsevier}
}

@article{fu1997fast,
  title={Fast Li+ ion conducting glass-ceramics in the system Li 2 O--Al 2 O 3--GeO 2--P 2 O 5},
  author={Fu, Jie},
  journal={Solid State Ionics},
  volume={104},
  number={3},
  pages={191--194},
  year={1997},
  publisher={Elsevier}
}

@article{aono1990ionic,
  title={Ionic conductivity of solid electrolytes based on lithium titanium phosphate},
  author={Aono, Hiromichi and Sugimoto, Eisuke and Sadaoka, Yoshihiko and Imanaka, Nobuhito and Adachi, Gin-ya},
  journal={Journal of the electrochemical society},
  volume={137},
  number={4},
  pages={1023--1027},
  year={1990},
  publisher={The Electrochemical Society}
}

@article{stramare2003lithium,
  title={Lithium lanthanum titanates: a review},
  author={Stramare, S and Thangadurai, V and Weppner, W},
  journal={Chemistry of materials},
  volume={15},
  number={21},
  pages={3974--3990},
  year={2003},
  publisher={ACS Publications}
}

@article{tatsumisago2013recent,
  title={Recent development of sulfide solid electrolytes and interfacial modification for all-solid-state rechargeable lithium batteries},
  author={Tatsumisago, Masahiro and Nagao, Motohiro and Hayashi, Akitoshi},
  journal={Journal of Asian Ceramic Societies},
  volume={1},
  number={1},
  pages={17--25},
  year={2013},
  publisher={Elsevier}
}

@article{tarascon1994new,
  title={New electrolyte compositions stable over the 0 to 5 V voltage range and compatible with the Li 1+ x Mn 2 O 4/carbon Li-ion cells},
  author={Tarascon, JM and Guyomard, D},
  journal={Solid State Ionics},
  volume={69},
  number={3},
  pages={293--305},
  year={1994},
  publisher={Elsevier}
}

@article{xu2004nonaqueous,
  title={Nonaqueous liquid electrolytes for lithium-based rechargeable batteries},
  author={Xu, Kang},
  journal={Chemical reviews},
  volume={104},
  number={10},
  pages={4303--4418},
  year={2004},
  publisher={ACS Publications}
}

@book{binder1999lexikon,
  title={Lexikon der chemischen Elemente: das Periodensystem in Fakten, Zahlen u. Daten; Mit einem Geleitw. von I. Barbur},
  author={Binder, Harry H},
  year={1999},
  publisher={Hirzel Verl Stuttgart}
}

@book{fortschrittsbericht_npe,
	title={Fortschrittsbericht 2014},
	author={{Nationale Plattform Elektromobilitaet (NPE)}},
	year={2014},
	publisher={Gemeinsame Geschäftsstelle Elektromobilitaet der Bundesregierung (GGEMO)},
	address={Berlin},
}

@book{bower1995disruptive,
  title={Disruptive technologies: catching the wave},
  author={Bower, Joseph L and Christensen, Clayton M},
  year={1995},
  publisher={Harvard Business Review Video}
}

@article{schonleber2014method,
  title={A Method for Improving the Robustness of linear Kramers-Kronig Validity Tests},
  author={Sch{\"o}nleber, M and Klotz, D and Ivers-Tiff{\'e}e, E},
  journal={Electrochimica Acta},
  volume={131},
  pages={20--27},
  year={2014},
  publisher={Elsevier}
}

@book{schmidt2013verfahren,
  title={Verfahren zur Charakterisierung und Modellierung von Lithium-Ionen Zellen},
  author={Schmidt, Jan Philipp},
  volume={25},
  year={2013},
  publisher={KIT Scientific Publishing}
}

@book{menz2012mikrosystemtechnik,
  title={Mikrosystemtechnik f{\"u}r Ingenieure},
  author={Menz, Wolfgang and Paul, Oliver},
  year={2012},
  publisher={John Wiley \& Sons}
}

@book{minakshi2008book,
  title={The book of battery material and its lithium insertion mechanism: Basics, concepts and mechanism},
  author={Minakshi, Manickam},
  year={2008},
  publisher={VDM Verlag DR. Muller}
}

@article{halper2006supercapacitors,
  title={Supercapacitors: A brief overview},
  author={Halper, Marin S and Ellenbogen, James C},
  journal={The MITRE Corporation, McLean, Virginia, USA},
  pages={1--34},
  year={2006}
}

@article{kooy2013patterning,
  title={Patterning of Microstructures on SU-8 Coated Flexible Polymer Substrate Using Roll-to-roll Ultraviolet Nanoimprint Lithography},
  author={Kooy, Nazrin and Mohamed, Khairudin and Ibrahim, Kamarulazizi},
  journal={Journal of Engineering Science},
  volume={9},
  pages={71--78},
  year={2013}
}

@misc{bub_skript,
	title={Skript zur Vorlesung Batterien und Brennstoffzellen am KIT},
	author={Prof. Dr.-Ing. Ellen Ivers-Tiffée},
	note={Institut für angewandte Materialien - Werkstoffe der Elektrotechnik},
	year={2013},
}

@book{atkins2006physical,
  title={Physical Chemistry},
  author={Atkins, P. and De Paula, J. and Walters, V.},
  isbn={9780716774334},
  year={2006},
  publisher={Macmillan Higher Education}
}

@book{korthauer2013,
	title = {Handbuch Lithium-Ionen-Batterien},
	series = {SpringerLink : Bücher},
	author = {Korthauer, Reiner},
	address = {Berlin, Heidelberg},
	publisher = {Springer Vieweg},
	year = {2013},
}

@BOOK{buchholz2010,
	AUTHOR="M. Buchholz",
	TITLE="Subspace-Identification zur Modellierung von PEM-Brennstoffzellen-Stacks",
	PUBLISHER="KIT Scientific Publishing",
	YEAR="2010",
	ADDRESS="Karlsruhe", 
}

@BOOK{mueller2000,
   AUTHOR="J.-A. Müller",
   TITLE="Systems Engineering",
   PUBLISHER="Manz-Verlag Schulbuch (Fortis)",
   YEAR=2000,
   ADDRESS="Wien",
}   

@TECHREPORT{pasche1992,
   AUTHOR="M. Pasche",
   TITLE="Synergetik und Evolutorische Ökonomik",
   INSTITUTION="Universität Hannover Fachbereich Wirtschaftswissenschaften",
   TYPE="Diskussionspapier",
   NUMBER=179,
   MONTH=dec,
   YEAR=1992,
} 

@BOOK{jossen_2006,
   AUTHOR="A. Jossen and W. Weydanz",
   TITLE="Moderne Akkumulatoren richtig einsetzen",
   PUBLISHER="Inge Reichhart Verlag",
   YEAR=2006,
}

@BOOK{mortimer,
   AUTHOR="C. E. Mortimer and U. Müller",
   TITLE="Chemie",
   PUBLISHER="Georg Thieme Verlag",
   YEAR=2007,
   EDITION=9
}

@BOOK{ct_book,
   AUTHOR="T. M. Buzug",
   TITLE="Einführung in die Computertomographie : mathematisch-physikalische Grundlagen der Bildrekonstruktion",
   PUBLISHER="Springer Verlag",
   YEAR=2005
}

@article{zhou2013paramagnetic,
  title={Paramagnetic electrodes and bulk magnetic susceptibility effects in the in situ NMR studies of batteries: Application to Li 1.08 Mn 1.92 O 4 spinels},
  author={Zhou, Lina and Leskes, Michal and Ilott, Andrew J and Trease, Nicole M and Grey, Clare P},
  journal={Journal of Magnetic Resonance},
  volume={234},
  pages={44--57},
  year={2013},
  publisher={Elsevier}
}

@article{key2009real,
  title={Real-time NMR investigations of structural changes in silicon electrodes for lithium-ion batteries},
  author={Key, Baris and Bhattacharyya, Rangeet and Morcrette, Mathieu and Sezn{\'e}c, Vincent and Tarascon, Jean-Marie and Grey, Clare P},
  journal={Journal of the American Chemical Society},
  volume={131},
  number={26},
  pages={9239--9249},
  year={2009},
  publisher={ACS Publications}
}

@article{poli2011new,
  title={New cell design for in-situ NMR studies of lithium-ion batteries},
  author={Poli, Fabrizia and Kshetrimayum, Jugeshwar S and Monconduit, Laure and Letellier, Michel},
  journal={Electrochemistry Communications},
  volume={13},
  number={12},
  pages={1293--1295},
  year={2011},
  publisher={Elsevier}
}

@article{gerald2001situ,
  title={In situ nuclear magnetic resonance investigations of lithium ions in carbon electrode materials using a novel detector},
  author={Gerald II, RE and Sanchez, J and Johnson, CS and Klingler, RJ and Rathke, JW},
  journal={Journal of Physics: Condensed Matter},
  volume={13},
  number={36},
  pages={8269},
  year={2001},
  publisher={IOP Publishing}
}

@ARTICLE{shi_malik_2000,
	AUTHOR="J. Shi and J. Malik",
	TITLE="Normalized Cuts and Image Segmentation",
	JOURNAL="IEEE Trans. Pattern Anal. Mach. Intell. 22 (August)",
	YEAR=2000
}

@ARTICLE{freedman_2005,
	AUTHOR="D. Freedman",
	TITLE="Interactive graph cut based segmentation with shape priors",
	JOURNAL="IEEE Comp. Vis. Pattern Rec. 1 (June)",
	YEAR=2005
}

@CONFERENCE{vicente_2008,
	AUTHOR="S. Vicente",
	TITLE="Graph cut based image segmentation with connectivity priors",
	BOOKTITLE="IEEE Comp. Vis. Pattern Rec.",
	YEAR=2008
}

@ARTICLE{marroquin_1987,
	AUTHOR="J. Maroquin and S. Mitter and T. Poggio",
	TITLE="Probabilistic Solution of Ill-Posed Problems in Computational Vision",
	JOURNAL="Journal of the American Statistical Association Vol. 82 No. 397 (March)",
	YEAR=1987
}

@ARTICLE{perona_malik_1990,
	AUTHOR="P. Perona and J. Malik",
	TITLE="Detecting and localizing composed of steps, peaks and roofs",
	JOURNAL="IEEE Trans. Pattern Anal. Mach. Intell. 12",
	YEAR=1990
}

@ARTICLE{kass_witkin_terzopoulos_1988,
	AUTHOR="M. Kass and A. Witkin and D. Teropoulos",
	TITLE="Snakes: Active Contour Models",
	JOURNAL="International Journal of Computer Vision",
	YEAR=1988
}

@ARTICLE{zhu_yuille_1996,
	AUTHOR="S. Zhu and A. Yuille",
	TITLE="Region competition: Unifying snakes, region growing, and Bayes/MDL for multiband image segmentation",
	JOURNAL="IEEE Trans. Pattern Anal. Mach. Intell. 18",
	YEAR=1996
}

@ARTICLE{nock_nielsen_2004,
	AUTHOR="R. Nock and F. Nielsen",
	TITLE="Statistical region merging",
	JOURNAL="IEEE Trans. Pattern Anal. Mach. Intell. 26",
	YEAR=2004
}

@ARTICLE{boykov_jolly_2001,
	AUTHOR="Y. Y. Boykov and M.-P. Jolly",
	TITLE="Interactive graph cuts for optimal boundary and region segmentation of objects in N-D images",
	JOURNAL="IEEE Computer Vision",
	YEAR=2001
}

@ARTICLE{boykov_2006,
	AUTHOR="Y.Y. Boykov and G. Funke-Lea",
	TITLE="Graph Cuts and Efficient N-D Image Segmentation",
	JOURNAL="International Journal of Computer Vision, Vol. 70 No. 2",
	YEAR=2006
}

@ARTICLE{geman_geman_1984,
	AUTHOR="S. Geman and D. Geman",
	TITLE="Stochastic Relaxation, Gibbs Distribution, and the Bayesian Restoration of Images",
	JOURNAL="IEEE Trans. Pattern Anal. Mach. Intell. 6",
	YEAR=1984
}

@ARTICLE{dempster_laird_rubin_1977,
	AUTHOR="A. P. Dempster and N. M. Laird and D. B. Rubin",
	TITLE="Maximum Likelihood from Incomplete Data via the EM Algorithm",
	JOURNAL="Journal of the Royal Statistical Society. Series B (Methodological)",
	YEAR=1977
}

@ARTICLE{besag_1986,
	AUTHOR="J. Besag",
	TITLE="On the Statistical Analysis of Dirty Pictures",
	JOURNAL="Journal of the Royal Statistical Society. Series B (Methodological)",
	YEAR=1986
}

@ARTICLE{comer_delp_2000,
	AUTHOR="M. L. comer and E. J. Delp",
	TITLE="The EM/MPM Algorithm for Segmentation of Textured Images: Analysis and Further Experimental Results",
	JOURNAL="IEEE Transactions in Image Processing Vol. 9 No. 10 (October)",
	YEAR=2000
}

@PHDTHESIS{christopher_2003,
	AUTHOR="L. Christopher",
	TITLE="Bayesian Segmentation of Three Dimensional Images using the EM/MPM Algorithm",
	SCHOOL="Purdue University",
	YEAR=2003
}

@PHDTHESIS{comer_1995,
	AUTHOR="M. L. Comer",
	TITLE="Multiresolution Image Processing Techniques with Applications in Texture Segmentation and Nonlinear Filtering",
	SCHOOL="Purdue University",
	YEAR=1995
}

@ARTICLE{ender_2011,
	AUTHOR="J. Joos and T. Carraro and M. Ender and B. Rüger and A. Weber and E. Ivers-Tiffée",
	TITLE="Detailed Microstructure Analysis and 3D Simulations of Porous Electrodes",
	JOURNAL="ECS Trans. 2011, Volume 35, Issue 1",
	YEAR=2011
}

@ARTICLE{shearing_2010,
	AUTHOR="P. R. Shearing and L. E. Howard and P. S. Jorgensen and N. P. Brandon, S. J. Harris",
	TITLE="Characterization of the 3-dimensional microstructure of a graphite negative elektrode from a Li-ion battery",
	JOURNAL="Electrochemistry Communications Volume 12, Issue 3, March 2010",
	YEAR=2010
}

@ARTICLE{wilsona_2011,
	AUTHOR="J. R. Wilsona and J. S. Cronina and S. A. Barnetta and S. J. Harrisb",
	TITLE="Measurement of three-dimensional microstructure in a LiCoO2 positive electrode",
	JOURNAL="Journal of Power Sources Volume 196, Issue 7",
	YEAR=2011
}

@MISC{wikimedia_clique,
	AUTHOR="{Wikimedia Foundation}",
	TITLE="6n-graf-clique.svg",
	HOWTOPUBLISH="CTAN: \url{http://de.wikipedia.org/w/index.php?title=Datei:6n-graf-clique.svg&page=1&filetimestamp=20060820032612} (abgerufen am: 10.10.12)",
}

@MISC{wikimedia_energiespeicher,
	AUTHOR="{Wikimedia Foundation}",
	TITLE="Energiespeicher2.svg",
	NOTE="\url{http://commons.wikimedia.org/wiki/File:Energiespeicher2.svg} (abgerufen am: 17.03.15)"
}

@MISC{bmwblog,
	AUTHOR="{BMW Blog}",
	TITLE="BMW i3 Battery Pack",
	NOTE="\url{http://www.bmwblog.com/2013/04/18/bmw-i3-batteries-and-charging-solutions/} (abgerufen am: 17.03.15)"
}

@MISC{bmw_i3,
	AUTHOR="{BMW.com}",
	TITLE="BMW i3 Technische Daten",
	NOTE="\url{http://www.bmw.com/com/de/newvehicles/i/i3/2013/showroom/technical_data.html/} (abgerufen am: 19.03.15)"
}

@MISC{wikimedia_kondensator,
	AUTHOR="{WikimediaFoundation}",
	TITLE="Plate Capacitor DE.svg",
	NOTE="\url{http://commons.wikimedia.org/wiki/File:Plate-Capacitor-DE.svg} (abgerufen am: 17.03.15)"
}

@MISC{kit_rekord_100m,
	AUTHOR="{KIT.edu}",
	TITLE="Weltweit schnellste Herstellung von Batterieelektroden",
	NOTE="\url{http://electronics.howstuffworks.com/everyday-tech/lithium-ion-battery1.htm} (abgerufen am: 20.03.15)"
}

@MISC{howstuffworks,
	AUTHOR="{howstuffworks}",
	TITLE="How Lithium-ion Batteries Work",
	NOTE="\url{http://electronics.howstuffworks.com/everyday-tech/lithium-ion-battery1.htm} (abgerufen am: 20.03.15)"
}

@MISC{wiki_bragg,
	AUTHOR="{Wikimedia}",
	TITLE="Bragg-Beugung",
	NOTE="\url{https://de.wikipedia.org/wiki/Datei:Bragg.svg)} (abgerufen am: 20.03.15)"
}

@ARTICLE{test,
	AUTHOR="Wikimedia Foundation",
	TITLE="6n-graf-clique.svg",
	JOURNAL="Journal of Power Sources Volume 196, Issue 7",
	YEAR=2011
}

@ARTICLE{bruker,
	AUTHOR="Wikimedia Foundation",
	TITLE="6n-graf-clique.svg",
	JOURNAL="Journal of Power Sources Volume 196, Issue 7",
	YEAR=2011
}

@ARTICLE{iwaia_2010,
	AUTHOR="Hiroshi Iwaia and Naoki Shikazonob and Toshiaki Matsuicand Hisanori Teshimab and Masashi Kishimotoa and Ryo Kishidac and Daisuke Hayashia and Katsuhisa Matsuzakib and Daisuke Kannob and Motohiro Saitoa and Hiroki Muroyamac and Koichi Eguchic and Nobuhide Kasagib and Hideo Yoshidaa",
	TITLE="Quantification of SOFC anode microstructure based on dualbeamFIB-SEM technique",
	JOURNAL="Journal of Power Sources, Volume 195, Issue 4, 15 February 2010",
	YEAR=2010
}

@ARTICLE{rjl,
	AUTHOR="Wikimedia Foundation",
	TITLE="6n-graf-clique.svg",
	JOURNAL="Journal of Power Sources Volume 196, Issue 7",
	YEAR=2011
}